@misc{sbb_ausbauschritt_2025,
    title = {Ausbauschritt 2035 (STEP AS 2035)},
    url = {https://company.sbb.ch/de/ueber-die-sbb/projekte/nationale-programme/step-as-2035.html},
    publisher = {SBB},
    author = {SBB},
    date = {2024-12-31},
    urldate = {2025-03-02},
}

@misc{sbb_geschäftsbericht_2024,
    title = {SBB Geschäftsbericht 2024},
    url = {https://company.sbb.ch/content/dam/internet/corporate/downloads/de/ueber-die-sbb/profil/publikationen/SBB-Geschaeftsbericht-2024.pdf.sbbdownload.pdf},
    publisher = {SBB},
    author = {SBB},
    date = {2024-12-31},
    urldate = {2025-03-10},
}

@misc{litra_bahnfahrtstatistik_europa_2023,
    title = {Die Schweiz bleibt Dauer-Europameisterin im Bahnfahren},
    url = {https://litra.ch/de/aktuelles/bahnfahrtenstatistik-europa-2023/},
    publisher = {Litra},
    author = {Litra},
    date = {2024-11-21},
    urldate = {2025-03-10},
}

@misc{trains_of_data_2012,
    title = {Trains of Data},
    url = {https://senseable.mit.edu/trainsofdata/},
    publisher = {MIT},
    author = {SENSEable City Lab},
    date = {2012-06-04},
    urldate = {2025-03-10},
}

@misc{golden_rules_dashboard,
    title = {Shneiderman’s Eight Golden Rules Will Help You Design Better Interfaces},
    url = {https://www.interaction-design.org/literature/article/shneiderman-s-eight-golden-rules-will-help-you-design-better-interfaces?srsltid=AfmBOoofkTBqfE7_0QLe9QjZyGk7dtNPALZdfwBwyzoPnebA-7Klddqr},
    publisher = {Interaction Design Foundation - IxDF},
    author = {Euphemia Wong },
    date = {2025-02-27},
    urldate = {2025-03-21},
}



@article{raildash_2022,
    AUTHOR = {Jeph, P. and Takayasu, H. and Xia, T. and Kanasugi, H. and Jiang, R. and Mizuseki, H. and Shibasaki, R.},
    TITLE = {RAILDASH: A DASHBOARD SYSTEM TO ANALYZE EFFECTS OF EVENTS ON RAILWAY TRAFFIC USING BIG GPS DATA},
    JOURNAL = {ISPRS Annals of the Photogrammetry, Remote Sensing and Spatial Information Sciences},
    VOLUME = {X-4/W3-2022},
    YEAR = {2022},
    PAGES = {89--96},
    URL = {https://isprs-annals.copernicus.org/articles/X-4-W3-2022/89/2022/},
    DOI = {10.5194/isprs-annals-X-4-W3-2022-89-2022}
}

@ARTICLE{survey_traffic_data_visualization_2015,
  author={Chen, Wei and Guo, Fangzhou and Wang, Fei-Yue},
  journal={IEEE Transactions on Intelligent Transportation Systems}, 
  title={A Survey of Traffic Data Visualization}, 
  year={2015},
  volume={16},
  number={6},
  pages={2970-2984},
  keywords={Data visualization;Query processing;Data analysis;Data collection;Data preprocessing;Visual analytics;Traffic;traffic data visualization;visual analysis;data-driven intelligent transportation system;Traffic;traffic data visualization;visual analysis;data-driven intelligent transportation system},
  doi={10.1109/TITS.2015.2436897}
}

@article{visualization_tool_operating_experts_2017,
    title = {Massive Railway Operating Data Visualization; a Tool for RATP Operating Expert},
    journal = {IFAC-PapersOnLine},
    volume = {50},
    number = {1},
    pages = {15841-15846},
    year = {2017},
    note = {20th IFAC World Congress},
    issn = {2405-8963},
    doi = {https://doi.org/10.1016/j.ifacol.2017.08.2324},
    url = {https://www.sciencedirect.com/science/article/pii/S2405896317331397},
    author = {Vincent Dimanche and Alban Goupil and Alexandre Philippot and Bernard Riera and Alain Urban and Gérard Gabriel},
    keywords = {Railway network, visual analytics, visual analytics process, big data, driver modelling, machine learning},
    abstract = {In this article we propose a methodology helping RATP (public transport operator) experts to analyze railway big amount of data. Indeed, a huge number of data can rapidly lead to focus on wrong analysis. We developed a tool prototype based on visual analytics process that can display an overview of a selected railway network area. This overview deals with one or several operating days of the same railway line. The operator chooses statistical indicators to obtain a suitable view display for his specific study. This process is the first part of our work which will model the human driver pattern using machine learning and data mining. Our work methodology is based on Visual analytics process.}
}

@INPROCEEDINGS{radial_layout_t_watcher,
  author={Pu, Jiansu and Liu, Siyuan and Ding, Ye and Qu, Huamin and Ni, Lionel},
  booktitle={2013 IEEE 14th International Conference on Mobile Data Management}, 
  title={T-Watcher: A New Visual Analytic System for Effective Traffic Surveillance}, 
  year={2013},
  volume={1},
  number={},
  pages={127-136},
  keywords={Roads;Vehicles;Trajectory;Data visualization;Visualization;Fingerprint recognition;Image color analysis},
  doi={10.1109/MDM.2013.23}}


@ARTICLE{vait_system,
  author={Liu, Siyuan and Pu, Jiansu and Luo, Qiong and Qu, Huamin and Ni, Lionel M. and Krishnan, Ramayya},
  journal={IEEE Transactions on Intelligent Transportation Systems}, 
  title={VAIT: A Visual Analytics System for Metropolitan Transportation}, 
  year={2013},
  volume={14},
  number={4},
  pages={1586-1596},
  keywords={Global Positioning System;Trajectory;Data visualization;Spatiotemporal phenomena;Visual analytics;Spatio-temporal data;vehicle trajectory;visual analytics},
  doi={10.1109/TITS.2013.2263225}}

@INPROCEEDINGS{streaming_data_kde,
  author={Daae Lampe, Ove and Hauser, Helwig},
  booktitle={2011 IEEE Pacific Visualization Symposium}, 
  title={Interactive visualization of streaming data with Kernel Density Estimation}, 
  year={2011},
  volume={},
  number={},
  pages={171-178},
  keywords={Kernel;Data visualization;Bandwidth;Estimation;Histograms;Marine vehicles;Pixel;I.3.3 [Computing Methodologies]: Computer Graphics—Picture/Image Generation;G.3 [Mathematics of Computing]: Probability and Statistics—Time series analysis},
  doi={10.1109/PACIFICVIS.2011.5742387}}


